%Arik Messerman, September 2006, uidarikmesserman301174 003 0021
%%% LITERATUR ***

@book{theisen2006,
		author= "Prof. Dr. Dr. Manuel René Theisen",
		title= "Wissenschaftliches Arbeiten",
		booktitle= "Technik - Methodik - Form",
		year = "2006",
		publisher = "Vahlen",
		note = "ISBN 3-8006-3358-2"
}

@misc{jam,
	author="JAM-Software",
	title="Excel2Latex",
	note="http://www.jam-software.com/software.html"
	}